@misc{Arachnid,
   author = "Wikipedia",
   title = "{Arachnid} --- {W}ikipedia{,} The Free Encyclopedia",
   year = "2023",
   howpublished = {\url{http://en.wikipedia.org/w/index.php?title=Arachnid&oldid=1151656743}},
   note = "[Online; accessed 25-April-2023]"
 }
@misc{SpenEnt2007Collec,
  title={Spencer Entomological Museum. Occurrence dataset},
  author={Spencer},
  organization={Canadian Biodiversity Information Facility, accessed via GBIF.org},
  year={2023},
  month={4},
  url = {https://doi.org/10.15468/0fyxql}
}

@misc{Araneae,
   author = "Wikipedia",
   title = "{Araneae} --- {W}ikipedia{,} The Free Encyclopedia",
   year = "2023",
   howpublished = {\url{http://en.wikipedia.org/w/index.php?title=Spider&oldid=1150349401}},
   note = "[Online; accessed 25-April-2023]"
 }

@misc{Opiliones,
   author = "Wikipedia",
   title = "{Opiliones} --- {W}ikipedia{,} The Free Encyclopedia",
   year = "2023",
   howpublished = {\url{http://en.wikipedia.org/w/index.php?title=Opiliones&oldid=1151250900}},
   note = "[Online; accessed 25-April-2023]"
 }